<?xml version="1.0" encoding="UTF-8"?><collection xmlns="http://www.loc.gov/MARC21/slim"><record><leader>00340nam--2200121-i-4500</leader><controlfield tag="001">000030671</controlfield><controlfield tag="002">20161230</controlfield><controlfield tag="005">20161230201038</controlfield><controlfield tag="008">060222s1000------------r-----000-0-eng-d</controlfield><datafield ind1=" " ind2=" " tag="100"><subfield code="a">Littauer, Raphael</subfield></datafield><datafield ind1=" " ind2=" " tag="245"><subfield code="a">Wilson, robert r</subfield></datafield><datafield ind1=" " ind2=" " tag="260"><subfield code="a">Accelerators.Machines Of Nuclear Physics</subfield></datafield><datafield ind1=" " ind2=" " tag="490"><subfield code="a">New York, Anchor Books Doubleday &amp; Co., 1960. 196p</subfield></datafield></record></collection>